@misc{FreeChurch,
  author = {Kmett, E.},
  title = {The free package on Hackage},
  year = {2015},
  howpublished = {\url{http://hackage.haskell.org/package/free-4.12.1/docs/Control-Monad-Free-Church.html}}
}

@INPROCEEDINGS{Meijer91functionalprogramming,
  author = {Meijer, E. and Fokkinga, M. and Paterson, R.},
  title = {Functional Programming with Bananas, Lenses, Envelopes and Barbed Wire},
  booktitle = {},
  year = {1991},
  pages = {124--144},
  publisher = {Springer-Verlag}
}
                  
@MISC{TotallyFree,
  author    = {McBride, C.}, 
  title     = {Turing-Completeness Totally Free},
  year = 2015,
  howpublished = {\url{https://personal.cis.strath.ac.uk/conor.mcbride/TotallyFree.pdf}}
}

@MISC{Hasochistic,
  author    = {McBride, C.}, 
  title     = {hasochistic containers (a first attempt)},
  year = 2015,
  howpublished = {\url{https://pigworker.wordpress.com/2015/06/06/hasochistic-containers-a-first-attempt/}}
}
                  
@MISC{Mcbride11kleisliarrows,
  author = {Mcbride, C.},
  title = {Kleisli arrows of outrageous fortune},
  year = {2011},
  howpublished = {\url{https://personal.cis.strath.ac.uk/conor.mcbride/Kleisli.pdf}}
}
                  
@inproceedings{capretta:1999,
  author      = "Venanzio Capretta",
  title       = "Universal Algebra in Type Theory",
  booktitle   = "Theorem Proving in Higher Order Logics,
                 12th International Conference, TPHOLs '99",
  editor      = "Yves Bertot and Gilles Dowek and Andr\'e Hirschowits
                 and Christine Paulin and Laurent Th\'ery",
  pages       = "131--148",
  publisher   = "Springer",
  series      = "LNCS",
  volume      = 1690,
  year        = 1999
}

@article{journals/tcs/BohmB85,
  added-at = {2011-09-07T00:00:00.000+0200},
  author = {BÃ¶hm, Corrado and Berarducci, Alessandro},
  biburl = {http://www.bibsonomy.org/bibtex/2f7db5b2f43516ff90ede9e64f9c944f0/dblp},
  ee = {http://dx.doi.org/10.1016/0304-3975(85)90135-5},
  interhash = {1a09f13edf5f7c2fe5670fc5acebc0c6},
  intrahash = {f7db5b2f43516ff90ede9e64f9c944f0},
  journal = {Theor. Comput. Sci.},
  keywords = {dblp},
  pages = {135-154},
  timestamp = {2011-09-08T11:41:37.000+0200},
  title = {Automatic Synthesis of Typed Lambda-Programs on Term Algebras.},
  url = {http://dblp.uni-trier.de/db/journals/tcs/tcs39.html#BohmB85},
  volume = 39,
  year = 1985
}
